<record><leader>00000cas a2200000 a 4500</leader><controlfield tag="001">17359610</controlfield><controlfield tag="008">880119d18901897wauwr ne      0    0eng d</controlfield><datafield ind1=" " ind2=" " tag="010"><subfield code="a">sn 88085226 </subfield></datafield><datafield ind1=" " ind2=" " tag="040"><subfield code="a">SLZ</subfield><subfield code="b">eng</subfield><subfield code="c">SLZ</subfield><subfield code="d">NSD</subfield><subfield code="d">OCL</subfield><subfield code="d">OCLCQ</subfield><subfield code="d">OCLCF</subfield><subfield code="d">OCLCO</subfield></datafield><datafield ind1="1" ind2=" " tag="029"><subfield code="a">AU@</subfield><subfield code="b">000020495196</subfield></datafield><datafield ind1=" " ind2=" " tag="042"><subfield code="a">msc</subfield></datafield><datafield ind1=" " ind2=" " tag="043"><subfield code="a">n-us-wa</subfield></datafield><datafield ind1="0" ind2="0" tag="245"><subfield code="a">Haller City times.</subfield></datafield><datafield ind1=" " ind2=" " tag="260"><subfield code="a">Haller City, Wash. :</subfield><subfield code="b">Davis &amp; March</subfield></datafield><datafield ind1=" " ind2=" " tag="300"><subfield code="a">v.</subfield></datafield><datafield ind1=" " ind2=" " tag="310"><subfield code="a">Weekly</subfield></datafield><datafield ind1="1" ind2=" " tag="362"><subfield code="a">Began in 1890; ceased in 1897.</subfield></datafield><datafield ind1=" " ind2=" " tag="500"><subfield code="a">Published: Arlington, Wash., Nov. 7, 1985-</subfield></datafield><datafield ind1=" " ind2=" " tag="588"><subfield code="a">Description based on: Vol. 6, no. 29 (Apr. 6, 1895).</subfield></datafield><datafield ind1=" " ind2="0" tag="651"><subfield code="a">Haller City (Wash.)</subfield><subfield code="v">Newspapers.</subfield></datafield><datafield ind1=" " ind2="7" tag="655"><subfield code="a">Newspapers.</subfield><subfield code="2">fast</subfield><subfield code="0">(OCoLC)fst01423814</subfield></datafield><datafield ind1=" " ind2="7" tag="651"><subfield code="a">Washington (State)</subfield><subfield code="z">Haller City.</subfield><subfield code="2">fast</subfield><subfield code="0">(OCoLC)fst01306992</subfield></datafield><datafield ind1=" " ind2=" " tag="752"><subfield code="a">United States</subfield><subfield code="b">Washington</subfield><subfield code="c">Snohomish</subfield><subfield code="d">Arlington.</subfield></datafield><datafield ind1=" " ind2=" " tag="752"><subfield code="a">United States</subfield><subfield code="b">Washington</subfield><subfield code="c">Snohomish</subfield><subfield code="d">Haller City.</subfield></datafield><datafield ind1="0" ind2="0" tag="785"><subfield code="t">Arlington times</subfield><subfield code="x">1096-7001</subfield><subfield code="w">(DLC)sn 88085227</subfield></datafield></record>